@INPROCEEDINGS{giri18,

  author={Giri, Davide and Mantovani, Paolo and Carloni, Luca P.},

  booktitle={2018 Twelfth IEEE/ACM International Symposium on Networks-on-Chip (NOCS)}, 

  title={\textbf{NoC-Based Support of Heterogeneous Cache-Coherence Models for Accelerators}}, 

  year={2018},

  volume={},

  number={},

  pages={1-8},

  doi={10.1109/NOCS.2018.8512153}
  }


